@Article{milner_1992,
  author = {Milner, Fabio and Rabbiolo, Guglielno},
  title = {Rapidly converging numerical algorithms for models of
           population dynamics},
  year = 1992,
  journal = {J Math Biol},
  volume = 30,
  number = 7,
  pages = {733--753},
}

@Misc{scipy,
  author =    {Eric Jones and Travis Oliphant and Pearu Peterson and others},
  title =     {{SciPy}: Open source scientific tools for {Python}},
  year =      2001,
  url =       "https://www.scipy.org/",
}
